@inproceedings{anden2012scattering,
title={Scattering representation of modulated sounds},
author={And{\'e}n, Joakim and Mallat, St{\'e}phane},
booktitle={Proc. of the 15th Int. Conference on Digital Audio Effects (DAFx-12)},
year={2012}
}

@inproceedings{burgoyne2011,
author = {Burgoyne, John Ashley and Wild, Jonathan and Fujinaga, Ichiro},
isbn = {9780615548654},
booktitle = {Proc. ISMIR},
title = {An Expert Ground-Truth Set for Audio Chord Recognition and Music Analysis},
url = {http://ismir2011.ismir.net/papers/OS8-1.pdf},
year = {2011}
}


@phdthesis{chothesis,
title    = {Improved Techniques For Automatic Chord Recognition From Music Audio Signals},
school   = {New York University},
author   = {Cho, Taemin},
year     = {2013}
}

@inproceedings{cho2013mirex,
author = {Cho, Taemin and Bello, Juan P.},
title = {Large Vocabulary Chord Recognition System Using Multi-Band Features and a Multi-Stream HMM},
booktitle = {Proc. MIREX},
year = {2013}
}


@inproceedings{bittner2014medley,
title={MedleyDB: A Multitrack Dataset For Annotation-Intensive MIR Research},
author={Bittner, Rachel and others},
booktitle={Proc. ISMIR},
year={2014}
}

@inproceedings{cheng2014deep,
author={Cheng, Xiuyuan and Chen, Xu and Mallat, St\'{e}phane},
title={{Unsupervised deep Haar scattering on graphs}},
booktitle={Proc. NIPS},
year={2014}
}

@article{cho2014on,
author = {Taemin Cho and Bello, Juan P.},
title = {On the Relative Importance of Individual Components of Chord Recognition Systems},
journal = {IEEE/ACM Trans. Audio, Speech and Lang. Proc.},
issue_date = {February 2014},
volume = {22},
number = {2},
year = {2014},
issn = {2329-9290},
pages = {477--492},
numpages = {16},
url = {http://dx.doi.org/10.1109/TASLP.2013.2295926},
doi = {10.1109/TASLP.2013.2295926},
acmid = {2584496},
publisher = {IEEE Press},
address = {Piscataway, NJ, USA},
}

@inproceedings{dehaas2012,
author = {De Haas, W. Bas and Magalh{\~{a}}es, Jos{\'{e}} Pedro and Heggeler, Dion Ten and Bekenkamp, Gijs and Ruizendaal, Tijmen},
booktitle = {Proc. ISMIR},
title = {Chordify: Chord Transcription for the Masses},
url = {http://ismir2012.ismir.net/event/papers/LBD2.pdf},
year = {2012}
}

@inproceedings{ellis2007identifying,
  title={Identifying "cover songs" with chroma features and dynamic programming beat tracking},
  author={Ellis, Daniel P. W. and Poliner, Graham E},
  booktitle={Proc. ICASSP},
  year={2007},
}

@inproceedings{humphrey2015four,
author = {Eric J. Humphrey and Bello, Juan P.},
title = {Four Timely Insights On Automatic Chord Estimation},
booktitle={Proc. ISMIR},
year={2015}
}

@article{mallat1989theory,
  title={A theory for multiresolution signal decomposition: the wavelet representation},
  author={Mallat, St\'{e}phane},
  journal={Pattern Analysis and Machine Intelligence, IEEE Transactions on},
  volume={11},
  number={7},
  pages={674--693},
  year={1989},
  publisher={Ieee}
}

@book{mallat2008wavelet,
  title={A Wavelet Tour of Signal Processing, 3\textsuperscript{rd} edition: The Sparse Way},
  author={Mallat, St{\'e}phane},
  year={2008},
  publisher={Academic press}
}

@article{mallat2012group,
  title={Group invariant scattering},
  author={Mallat, St{\'e}phane},
  journal={Communications on Pure and Applied Mathematics},
  volume={65},
  number={10},
  pages={1331--1398},
  year={2012},
  publisher={Wiley Online Library}
}

@article{mauch2012integrating,
author={M. Mauch and H. Fujihara and M. Goto},
journal={IEEE TASLP},
title={Integrating Additional Chord Information Into HMM-Based Lyrics-to-Audio Alignment},
year={2012},
volume={20},
number={1},
pages={200-210},
keywords={audio signal processing;hidden Markov models;inference mechanisms;information retrieval;music;speech processing;HMM;Markov chain;audio thumbnails generation;chord information;emission vector;hidden Markov model;inference procedure;karaoke scores;lyrics-to-audio alignment;mel-frequency cepstral coefficient;phoneme feature;song prompter;song-browsing;Feature extraction;Hidden Markov models;Instruments;Internet;Materials;Mel frequency cepstral coefficient;Audio user interfaces;hidden Markov models (HMMs);music;music information retrieval;speech processing},
doi={10.1109/TASL.2011.2159595},
ISSN={1558-7916}}

@article{mcvicar2014automatic,
author={M. McVicar and R. Santos-Rodrï¿½guez and Y. Ni and T. D. Bie},
journal={IEEE/ACM Transactions on Audio, Speech, and Language Processing},
title={Automatic Chord Estimation from Audio: A Review of the State of the Art},
year={2014},
volume={22},
number={2},
pages={556-575},
keywords={feature extraction;information retrieval;learning (artificial intelligence);music;ACE;MIR;MIREX;audio signal;automatic chord estimation;feature extraction;model training;music information retrieval evaluation exchange;Accuracy;Feature extraction;Harmonic analysis;Spectrogram;Time-frequency analysis;Tuning;Vectors;Music information retrieval;expert systems;knowledge based systems;machine learning;supervised learning},
doi={10.1109/TASLP.2013.2294580},
ISSN={2329-9290}}

@article{perez2009genre,
  title={Genre classification using chords and stochastic language models},
  author={P{\'e}rez-Sancho, Carlos and Rizo, David and Inesta, Jos{\'e} M},
  journal={Connection science},
  volume={21},
  number={2-3},
  pages={145--159},
  year={2009},
  publisher={Taylor \& Francis}
}

@inproceedings{raffel2014mir,
author = {Colin Raffel and Brian McFee and Eric J. Humphrey and Justin Salamon and Oriol Nieto and Dawen Liang and Daniel P. W. Ellis},
title = {mir\_eval: A Transparent Implementation of Common MIR Metrics},
booktitle={ISMIR},
year={2014}
}

@article{sifre2014rigid,
  title={Rigid-Motion Scattering for Texture Classification},
  author={Sifre, Laurent and Mallat, St{\'e}phane},
  journal={arXiv preprint arXiv:1403.1687},
  year={2014}
}

@inproceedings{mauch2010approximate,
  title={Approximate Note Transcription for the Improved Identification of Difficult Chords.},
  author={Mauch, Matthias and Dixon, Simon},
  booktitle={Proc. ISMIR},
  year={2010}
}

@ARTICLE{daubechies, 
author={Daubechies, I.}, 
journal={Information Theory, IEEE Transactions on}, 
title={The wavelet transform, time-frequency localization and signal analysis}, 
year={1990}, 
month={Sep}, 
volume={36}, 
number={5}, 
pages={961-1005}, 
doi={10.1109/18.57199}, 
ISSN={0018-9448},
}

@INPROCEEDINGS{environmentalSounds, 
author={Bauge, C. and Lagrange, M. and Anden, J. and Mallat, S.}, 
booktitle={Acoustics, Speech and Signal Processing (ICASSP), 2013 IEEE International Conference on}, 
title={Representing environmental sounds using the separable scattering transform}, 
year={2013}, 
month={May}, 
pages={8667-8671}, 
doi={10.1109/ICASSP.2013.6639358}, 
ISSN={1520-6149},
}

@inproceedings{logan2000mel,
title={Mel Frequency Cepstral Coefficients for Music Modeling.},
author={Logan, Beth and others},
booktitle={ISMIR},
year={2000}
}

@book{rabiner1993fundamentals,
title={Fundamentals of speech recognition},
author={Rabiner, Lawrence R and Juang, Biing-Hwang},
volume={14},
year={1993},
publisher={PTR Prentice Hall Englewood Cliffs}
}

@inproceedings{anden2011multiscale,
title={Multiscale Scattering for Audio Classification.},
author={And{\'e}n, Joakim and Mallat, St{\'e}phane},
booktitle={ISMIR},
pages={657--662},
year={2011}
}

@article{anden2014deep,
title={Deep Scattering Spectrum},
author={And{\'e}n, Joakim and Mallat, St{\'e}phane},
journal={IEEE Transactions on Signal Processing},
volume={62},
pages={4114--4128},
year={2014}
}

@book{parkDSP,
title={Introduction to Digital Signal Processing, Computer Musically Speaking},
author={Tae Hong Park},
year={2010},
publisher={World Scientific Publishing Co.},
address =  {Singapore},
}

@ARTICLE{multiclassSVM, 
author={Chih-Wei Hsu and Chih-Jen Lin}, 
journal={Neural Networks, IEEE Transactions on}, 
title={A comparison of methods for multiclass support vector machines}, 
year={2002}, 
month={Mar}, 
volume={13}, 
number={2}, 
pages={415-425}, 
doi={10.1109/72.991427}, 
ISSN={1045-9227},
}

@article{chi2005multiresolution,
  title={Multiresolution spectrotemporal analysis of complex sounds},
  author={Chi, Taishih and Ru, Powen and Shamma, Shihab A},
  journal={The Journal of the Acoustical Society of America},
  volume={118},
  number={2},
  pages={887--906},
  year={2005},
  publisher={Acoustical Society of America}
}
    
@INPROCEEDINGS{thompson2003nonuniform, 
author={J. K. Thompson and L. E. Atlas}, 
booktitle={Acoustics, Speech, and Signal Processing, 2003. Proceedings. (ICASSP '03). 2003 IEEE International Conference on}, 
title={A non-uniform modulation transform for audio coding with increased time resolution}, 
year={2003}, 
volume={5}, 
pages={V-397-400 vol.5}, 
keywords={audio coding;channel bank filters;data compression;modulation coding;redundancy;signal resolution;transform coding;audio coding;coding gain;coding noise;human auditory system;modulation filter subband spacing;nonuniform modulation transform;octave-band nonuniform modulation dimension;perceptual audio coders;perceptual irrelevancy;source redundancy;temporal control;time resolution;Audio coding;Auditory system;Filter bank;Frequency estimation;Frequency modulation;Humans;Modulation coding;Signal resolution;Time frequency analysis;Wavelet transforms}, 
doi={10.1109/ICASSP.2003.1199990}, 
ISSN={1520-6149}, 
month={April},}

 @inproceedings{anden2015joint,
  title={Joint time-frequency scattering for audio classification},
  author={And{\'e}n, Joakim and Lostanlen, Vincent and Mallat, St{\'e}phane},
  booktitle={Machine Learning for Signal Processing (MLSP), 2015 IEEE 25th International Workshop on},
  pages={1--6},
  year={2015},
  organization={IEEE}
}

@inproceedings{lostanlen2015wavelet,
title={Wavelet Scattering On The Pitch Spiral},
author={Lostanlen, Vincent and Mallat, St{\'e}phane},
booktitle={Proc. of the 18th Int. Conference on Digital Audio Effects (DAFx-15)},
year={2015}
}

@article{warren2003separating,
author = {Warren, J. D. and Uppenkamp, S. and Patterson, R. D. and Griffiths, T. D.}, 
title = {Separating pitch chroma and pitch height in the human brain},
volume = {100}, 
number = {17}, 
pages = {10038-10042}, 
year = {2003}, 
doi = {10.1073/pnas.1730682100}, 
URL = {http://www.pnas.org/content/100/17/10038.abstract}, 
eprint = {http://www.pnas.org/content/100/17/10038.full.pdf}, 
journal = {Proceedings of the National Academy of Sciences} 
}

@article{risset1969pitch,
   author = "Risset, J. C.",
   title = "Pitch Control and Pitch Paradoxes Demonstrated with ComputerâSynthesized Sounds",
   journal = "The Journal of the Acoustical Society of America",
   year = "1969",
   volume = "46",
   number = "1A", 
   pages = "88-88",
   url = "http://scitation.aip.org/content/asa/journal/jasa/46/1A/10.1121/1.1973626",
   doi = "http://dx.doi.org/10.1121/1.1973626" 
}

@phdthesis{cho2014improved,
  title={Improved techniques for automatic chord recognition from music audio signals},
  author={Cho, Taemin},
  year={2014},
  school={NEW YORK UNIVERSITY}
}

@inproceedings{fujishima1999realtime,
  title={Realtime chord recognition of musical sound: A system using common lisp music},
  author={Fujishima, Takuya},
  booktitle={Proc. ICMC},
  year={1999}
}

@INPROCEEDINGS{papadopoulos2007large, 
author={H. Papadopoulos and G. Peeters}, 
booktitle={Content-Based Multimedia Indexing, 2007. CBMI '07. International Workshop on}, 
title={Large-Scale Study of Chord Estimation Algorithms Based on Chroma Representation and HMM}, 
year={2007}, 
pages={53-60}, 
month={June},
}

@inproceedings{lee2006automatic,
 author = {Lee, Kyogu and Slaney, Malcolm},
 title = {Automatic Chord Recognition from Audio Using a Supervised HMM Trained with Audio-from-symbolic Data},
 booktitle = {Proceedings of the 1st ACM Workshop on Audio and Music Computing Multimedia},
 series = {AMCMM '06},
 year = {2006},
 isbn = {1-59593-501-0},
 location = {Santa Barbara, California, USA},
 pages = {11--20},
 numpages = {10},
 url = {http://doi.acm.org/10.1145/1178723.1178726},
 doi = {10.1145/1178723.1178726},
 acmid = {1178726},
 publisher = {ACM},
 address = {New York, NY, USA},
 keywords = {MIDI, chord recognition, hidden Markov model, supervised learning},
} 

@inproceedings{bruna2011classification,
title={Classification with invariant scattering representations},
author={Bruna, Joan and Mallat, St{\'e}phane},
booktitle={IVMSP Workshop, 2011 IEEE 10th},
pages={99--104},
year={2011},
organization={IEEE}
}

@article{chudacek2014scattering,
title={Scattering transform for intrapartum fetal heart rate variability fractal analysis: A case-control study},
author={Chudacek, Vaclav and And{\'e}n, Joakim and Mallat, St{\'e}phane and Abry, Patrice and Doret, Muriel},
journal={Biomedical Engineering, IEEE Transactions on},
volume={61},
number={4},
pages={1100--1108},
year={2014},
publisher={IEEE}
}

@ARTICLE{gabor, 
author={Gabor, D.}, 
journal={Electrical Engineers - Part III: Radio and Communication Engineering, Journal of the Institution of}, 
title={Theory of communication. Part 1: The analysis of information}, 
year={1946}, 
month={November}, 
volume={93}, 
number={26}, 
pages={429-441}, 
keywords={telecommunication}, 
doi={10.1049/ji-3-2.1946.0074},
}

@MISC{bello2005robust,
    author = {Juan Bello and Jeremy Pickens},
    title = {A Robust Mid-level Representation for Harmonic Content in Music Signals},
    year = {2005}
}

@ARTICLE{grosche2011muller, 
author={P. Grosche and M. Muller}, 
journal={IEEE Transactions on Audio, Speech, and Language Processing}, 
title={Extracting Predominant Local Pulse Information From Music Recordings}, 
year={2011}, 
volume={19}, 
number={6}, 
pages={1688-1701}, 
month={Aug},
}

@ARTICLE{moon1996expectation, 
author={T. K. Moon}, 
journal={IEEE Signal Processing Magazine}, 
title={The expectation-maximization algorithm}, 
year={1996}, 
volume={13}, 
number={6}, 
pages={47-60}, 
doi={10.1109/79.543975}, 
ISSN={1053-5888}, 
month={Nov},
}

@article{sheh2003chord,
  title={Chord segmentation and recognition using EM-trained hidden Markov models},
  author={Sheh, Alexander and Ellis, Daniel PW},
  journal={ISMIR 2003},
  pages={185--191},
  year={2003},
  publisher={International Symposium on Music Information Retrieval}
}

@ARTICLE{rabiner1989tutorial, 
author={L. R. Rabiner}, 
journal={Proceedings of the IEEE}, 
title={A tutorial on hidden Markov models and selected applications in speech recognition}, 
year={1989}, 
volume={77}, 
number={2}, 
pages={257-286}, 
keywords={Markov processes;speech recognition;balls-in-urns system;coin-tossing;discrete Markov chains;ergodic models;hidden Markov models;hidden states;left-right models;probabilistic function;speech recognition;Distortion;Hidden Markov models;Mathematical model;Multiple signal classification;Signal processing;Speech recognition;Statistical analysis;Stochastic processes;Temperature measurement;Tutorial}, 
doi={10.1109/5.18626}, 
ISSN={0018-9219}, 
month={Feb},
}

@Book{probabilityEssentials,
author =   "Jean Jacod and Philip Protter",
title =  "Probability Essentials",
publisher =    "Springer-Verlag",
year =       "2004",
address =  "Berlin",
}

@inproceedings{harte2005symbolic,
  title={Symbolic Representation of Musical Chords: A Proposed Syntax for Text Annotations.},
  author={Harte, Christopher and Sandler, Mark B and Abdallah, Samer A and G{\'o}mez, Emilia}
}
